% BIBLIOGRAPHY
@inproceedings{bischoff2011kuka,
  title={Kuka youbot-a mobile manipulator for research and education},
  author={Bischoff, Rainer and Huggenberger, Ulrich and Prassler, Erwin},
  booktitle={Robotics and Automation (ICRA), 2011 IEEE International Conference on},
  pages={1--4},
  year={2011},
  organization={IEEE}
}

@electronic{brics2015,
 title     = "BRICS, Best in Practice Robotic",
 url       = "http://www.best-of-robotics.org/",
 year	   = "2015"
}

@electronic{tapas2013,
  title	 	= "TAPAS Project: Robotics-enabled logistic and assistive services for the transformable factory of the future",
  url		= "http://www.tapas-project.eu/",
  year		= "2013"
}