% BIBLIOGRAPHY
@article{moravec1988sensor,
  title={Sensor fusion in certainty grids for mobile robots},
  author={Moravec, Hans P},
  journal={AI magazine},
  volume={9},
  number={2},
  pages={61},
  year={1988}
}