% BIBLIOGRAPHY
@inproceedings{koren1991potential,
  title={Potential field methods and their inherent limitations for mobile robot navigation},
  author={Koren, Yoram and Borenstein, Johann},
  booktitle={Robotics and Automation, 1991. Proceedings., 1991 IEEE International Conference on},
  pages={1398--1404},
  year={1991},
  organization={IEEE}
}